<?xml version="1.0" encoding="UTF-8"?><collection xmlns="http://www.loc.gov/MARC21/slim"><record><leader>00434nam--2200133-i-4500</leader><controlfield tag="001">000016732</controlfield><controlfield tag="002">20161230</controlfield><controlfield tag="005">20161230201031</controlfield><controlfield tag="008">060222s1000------------r-----000-0-eng-d</controlfield><datafield ind1=" " ind2=" " tag="080"><subfield code="a">621.039.588(094)</subfield></datafield><datafield ind1=" " ind2=" " tag="245"><subfield code="a">Convention on early notification of a nuclear accident and convention on assistance in the case of a nuclear accident or radiological emergency</subfield></datafield><datafield ind1=" " ind2=" " tag="260"><subfield code="a">Vienna, Iaea, 1987 126 P</subfield></datafield><datafield ind1=" " ind2=" " tag="490"><subfield code="a">Legal Series</subfield></datafield><datafield ind1=" " ind2=" " tag="852"><subfield code="a">24340</subfield></datafield></record></collection>